%% This BibTeX bibliography file was created using BibDesk.
%% http://bibdesk.sourceforge.net/


%% Created for Paul Johnson at 2013-07-04 12:52:00 +0100 


%% Saved with string encoding Unicode (UTF-8) 

@preamble{
   "\def\cprime{$'$} "
}


@misc {Bmo,
    AUTHOR = {Bal\'azs Szendr\"oi},
    TITLE = {Math overflow answer},
    NOTE = {\url{http://mathoverflow.net/a/202902/1102}},
}

@article {Borwein2,
    AUTHOR = {Borwein, J. M. and Borwein, P. B.},
     TITLE = {A cubic counterpart of {J}acobi's identity and the {AGM}},
   JOURNAL = {Trans. Amer. Math. Soc.},
  FJOURNAL = {Transactions of the American Mathematical Society},
    VOLUME = {323},
      YEAR = {1991},
    NUMBER = {2},
     PAGES = {691--701},
      ISSN = {0002-9947},
     CODEN = {TAMTAM},
   MRCLASS = {33C75 (11F11 11Y60 33C05)},
  MRNUMBER = {1010408 (91e:33012)},
MRREVIEWER = {Bruce C. Berndt},
       DOI = {10.2307/2001551},
       URL = {http://dx.doi.org/10.2307/2001551},
      NOTE = {\url{http://www.cecm.sfu.ca/personal/pborwein/PAPERS/P50.pdf}},
}

@article {Boulet,
    AUTHOR = {Boulet, Cilanne E.},
     TITLE = {A four-parameter partition identity},
   JOURNAL = {Ramanujan J.},
  FJOURNAL = {The Ramanujan Journal. An International Journal Devoted to the
              Areas of Mathematics Influenced by Ramanujan},
    VOLUME = {12},
      YEAR = {2006},
    NUMBER = {3},
     PAGES = {315--320},
      ISSN = {1382-4090},
     CODEN = {RAJOF9},
   MRCLASS = {05A17 (11P81)},
  MRNUMBER = {2293792 (2007m:05021)},
MRREVIEWER = {Ae Ja Yee},
       DOI = {10.1007/s11139-006-0145-4},
       URL = {http://dx.doi.org/10.1007/s11139-006-0145-4},
      NOTE = {\url{http://arxiv.org/abs/math/0308012}}
}

@article{LW,
	Author = {Loehr, Nicholas A. and Warrington, Gregory S.},
	Coden = {JCBTA7},
	Date-Added = {2013-07-04 11:49:03 +0000},
	Date-Modified = {2013-07-04 11:49:14 +0000},
	Doi = {10.1016/j.jcta.2008.07.001},
	Fjournal = {Journal of Combinatorial Theory. Series A},
	Issn = {0097-3165},
	Journal = {J. Combin. Theory Ser. A},
	Mrclass = {05A17 (05A15)},
	Mrnumber = {2475023 (2010g:05033)},
	Number = {2},
	Pages = {379--403},
	Title = {A continuous family of partition statistics equidistributed with length},
	Url = {http://dx.doi.org/10.1016/j.jcta.2008.07.001},
	Volume = {116},
	Year = {2009},
	Bdsk-Url-1 = {http://dx.doi.org/10.1016/j.jcta.2008.07.001}}

@article{pak,
	Author = {Pak, Igor},
	Coden = {RAJOF9},
	Date-Added = {2013-07-04 11:48:16 +0000},
	Date-Modified = {2013-07-04 11:48:25 +0000},
	Doi = {10.1007/s11139-006-9576-1},
	Fjournal = {Ramanujan Journal. An International Journal Devoted to the Areas of Mathematics Influenced by Ramanujan},
	Issn = {1382-4090},
	Journal = {Ramanujan J.},
	Mrclass = {05A17 (05A30 11P81)},
	Mrnumber = {2267263 (2007h:05018)},
	Mrreviewer = {George E. Andrews},
	Number = {1},
	Pages = {5--75},
	Title = {Partition bijections, a survey},
	Url = {http://dx.doi.org/10.1007/s11139-006-9576-1},
	Volume = {12},
	Year = {2006},
	Bdsk-Url-1 = {http://dx.doi.org/10.1007/s11139-006-9576-1},
        NOTE = {\url{http://www.math.ucla.edu/~pak/papers/psurvey.pdf}}}

@article{HS,
	Author = {Haiman, Mark and Sturmfels, Bernd},
	Date-Added = {2013-07-04 10:15:57 +0000},
	Date-Modified = {2013-07-04 10:16:13 +0000},
	Doi = {10.1090/S1056-3911-04-00373-X},
	Fjournal = {Journal of Algebraic Geometry},
	Issn = {1056-3911},
	Journal = {J. Algebraic Geom.},
	Mrclass = {14C05 (13D40)},
	Mrnumber = {2073194 (2005d:14006)},
	Mrreviewer = {Roy M. Skjelnes},
	Number = {4},
	Pages = {725--769},
	Title = {Multigraded {H}ilbert schemes},
	Url = {http://dx.doi.org/10.1090/S1056-3911-04-00373-X},
	Volume = {13},
	Year = {2004},
	Bdsk-Url-1 = {http://dx.doi.org/10.1090/S1056-3911-04-00373-X}}

@incollection {BF,
    AUTHOR = {Buryak, A. and Feigin, B. L.},
     TITLE = {Generating series of the {P}oincar\'e polynomials of
              quasihomogeneous {H}ilbert schemes},
 BOOKTITLE = {Symmetries, integrable systems and representations},
    SERIES = {Springer Proc. Math. Stat.},
    VOLUME = {40},
     PAGES = {15--33},
 PUBLISHER = {Springer, Heidelberg},
      YEAR = {2013},
   MRCLASS = {14C05 (05E10 14D20 17B10)},
  MRNUMBER = {3077679},
MRREVIEWER = {Dawei Chen},
       DOI = {10.1007/978-1-4471-4863-0_2},
       URL = {http://dx.doi.org/10.1007/978-1-4471-4863-0_2},
       Note = {\url{http://arxiv.org/abs/1206.5640}}
}


@article{BFN,
	Author = {A. Buryak, B. L. Feigin, H. Nakajima},
        journal = {International Mathematics Research Notices},
      	Title = {A simple proof of the formula for the Betti numbers of the quasihomogeneous Hilbert schemes},
        Issue = {13},
	Year = {2015},
        Pages = {4708--4715},
	Note = {\url{http://arxiv.org/abs/1302.2789}}}




@unpublished{GJK,
	Author = {Amin Gholampour, Yunfeng Jiang, Martijn Kool},
	Date-Added = {2013-07-03 15:31:19 +0000},
	Date-Modified = {2013-07-03 15:31:19 +0000},
	Month = {September},
	Note = {http://arxiv.org/abs/1209.3922},
	Title = {Toric sheaves on weighted projective planes},
	Year = {2012},
	Bdsk-Url-1 = {http://arxiv.org/pdf/1209.3922v1}}

@article{gottsche,
	Author = {G{\"o}ttsche, Lothar},
	Coden = {MAANA},
	Date-Added = {2013-07-03 14:20:24 +0000},
	Date-Modified = {2013-07-03 14:20:48 +0000},
	Doi = {10.1007/BF01453572},
	Fjournal = {Mathematische Annalen},
	Issn = {0025-5831},
	Journal = {Math. Ann.},
	Mrclass = {14C05 (14D22)},
	Mrnumber = {1032930 (91h:14007)},
	Mrreviewer = {A. Hirschowitz},
	Number = {1-3},
	Pages = {193--207},
	Title = {The {B}etti numbers of the {H}ilbert scheme of points on a smooth projective surface},
	Url = {http://dx.doi.org/10.1007/BF01453572},
	Volume = {286},
	Year = {1990},
	Bdsk-Url-1 = {http://dx.doi.org/10.1007/BF01453572}}

@article{BB,
	Author = {Bia{\l}ynicki-Birula, A.},
	Date-Added = {2013-07-03 14:19:26 +0000},
	Date-Modified = {2013-07-03 15:02:27 +0000},
	Fjournal = {Annals of Mathematics. Second Series},
	Issn = {0003-486X},
	Journal = {Ann. of Math. (2)},
	Mrclass = {14M15 (14L99)},
	Mrnumber = {0366940 (51 \#3186)},
	Mrreviewer = {Birger Iversen},
	Pages = {480--497},
	Title = {Some theorems on actions of algebraic groups},
	Volume = {98},
	Year = {1973}}

@article{ES,
	Author = {Ellingsrud, Geir and Str{\o}mme, Stein Arild},
	Coden = {INVMBH},
	Date-Added = {2013-07-03 14:18:58 +0000},
	Date-Modified = {2013-07-03 15:02:14 +0000},
	Doi = {10.1007/BF01389419},
	Fjournal = {Inventiones Mathematicae},
	Issn = {0020-9910},
	Journal = {Invent. Math.},
	Mrclass = {14C15 (14C05 14N10)},
	Mrnumber = {870732 (88c:14008)},
	Mrreviewer = {A. Hirschowitz},
	Number = {2},
	Pages = {343--352},
	Title = {On the homology of the {H}ilbert scheme of points in the plane},
	Url = {http://dx.doi.org/10.1007/BF01389419},
	Volume = {87},
	Year = {1987},
	Bdsk-Url-1 = {http://dx.doi.org/10.1007/BF01389419}}

@article{GLM,
	Author = {Gusein-Zade, S. M. and Luengo, I. and Melle-Hern{\'a}ndez, A.},
	Date-Added = {2013-07-03 14:18:20 +0000},
	Date-Modified = {2013-07-03 14:18:20 +0000},
	Fjournal = {Mathematical Research Letters},
	Issn = {1073-2780},
	Journal = {Math. Res. Lett.},
	Mrclass = {14G10 (14C35 19E99)},
	Mrnumber = {2046199 (2004m:14038)},
	Mrreviewer = {Dirk Segers},
	Number = {1},
	Pages = {49--57},
	Title = {A power structure over the {G}rothendieck ring of varieties},
	Volume = {11},
	Year = {2004}}

@article{Buryak,
	Author = {Buryak, A.},
	Date-Added = {2013-07-03 13:59:54 +0000},
	Date-Modified = {2013-07-03 14:20:56 +0000},
	Fjournal = {Moscow Mathematical Journal},
	Issn = {1609-3321},
	Journal = {Mosc. Math. J.},
	Mrclass = {14C05 (05A17)},
	Mrnumber = {2952423},
	Mrreviewer = {Li Li},
	Number = {1},
	Pages = {21--36, 214},
	Title = {The classes of the quasihomogeneous {H}ilbert schemes of points on the plane},
	Volume = {12},
	Year = {2012},
        NOTE = {\url{http://arxiv.org/abs/1011.4459}}

}

@article{GLMequivariant,
	Author = {Gusein-Zade, S. M. and Luengo, I. and Melle-Hern{\'a}ndez, A.},
	Date-Added = {2013-07-03 13:59:25 +0000},
	Date-Modified = {2013-07-03 15:02:59 +0000},
	Fjournal = {Moscow Mathematical Journal},
	Issn = {1609-3321},
	Journal = {Mosc. Math. J.},
	Mrclass = {14C05 (14L30)},
	Mrnumber = {2732574 (2011m:14006)},
	Mrreviewer = {Martin G. Gulbrandsen},
	Number = {3},
	Pages = {593--602, 662},
	Title = {On generating series of classes of equivariant {H}ilbert schemes of fat points},
	Volume = {10},
	Year = {2010},
        NOTE = {\url{http://arxiv.org/abs/0905.1779}}

}

@article{GLMpower,
	Author = {Gusein-Zade, S. M. and Luengo, I. and Melle-Hern{\'a}ndez, A.},
	Date-Added = {2013-07-03 13:55:04 +0000},
	Date-Modified = {2013-07-03 13:55:04 +0000},
	Doi = {10.1307/mmj/1156345599},
	Fjournal = {Michigan Mathematical Journal},
	Issn = {0026-2285},
	Journal = {Michigan Math. J.},
	Mrclass = {14C05 (14C35)},
	Mrnumber = {2252764 (2007h:14005)},
	Mrreviewer = {Julien Sebag},
	Number = {2},
	Pages = {353--359},
	Title = {Power structure over the {G}rothendieck ring of varieties and generating series of {H}ilbert schemes of points},
	Url = {http://dx.doi.org/10.1307/mmj/1156345599},
	Volume = {54},
	Year = {2006},
	Bdsk-Url-1 = {http://dx.doi.org/10.1307/mmj/1156345599},
        NOTE = {\url{http://arxiv.org/abs/math/0407204}}

}




@article {GLMorb,
    AUTHOR = {Guse{\u\i}n-Zade, S. M. and Luengo, I. and
              Mel{\cprime}e-{\`E}rnandez, A.},
     TITLE = {Generating series of classes of {H}ilbert schemes of points on
              orbifolds},
   JOURNAL = {Tr. Mat. Inst. Steklova},
  FJOURNAL = {Trudy Matematicheskogo Instituta Imeni V. A. Steklova.
              Rossi\u\i skaya Akademiya Nauk},
    VOLUME = {267},
      YEAR = {2009},
    NUMBER = {Osobennosti i Prilozheniya},
     PAGES = {132--137},
      ISSN = {0371-9685},
   MRCLASS = {14C05},
  MRNUMBER = {2723945 (2011g:14005)},
MRREVIEWER = {{\c{S}}erban B{\u{a}}rc{\u{a}}nescu},
       DOI = {10.1134/S0081543809040105},
       URL = {http://dx.doi.org/10.1134/S0081543809040105},
      NOTE = {\url{http://arxiv.org/abs/0803.3687}},
}
		




@article{rose,
	Author = {Rose, Michael A.},
	Date-Added = {2013-07-03 13:52:16 +0000},
	Date-Modified = {2013-07-03 14:20:36 +0000},
	Fjournal = {Communications in Number Theory and Physics},
	Issn = {1931-4523},
	Journal = {Commun. Number Theory Phys.},
	Mrclass = {14F43 (14A20 14G15)},
	Mrnumber = {2385245 (2010b:14040)},
	Number = {3},
	Pages = {513--537},
	Title = {Frobenius action on {$l$}-adic {C}hen-{R}uan cohomology},
	Volume = {1},
	Year = {2007}}





@book {toric,
    AUTHOR = {Cox, David A. and Little, John B. and Schenck, Henry K.},
     TITLE = {Toric varieties},
    SERIES = {Graduate Studies in Mathematics},
    VOLUME = {124},
 PUBLISHER = {American Mathematical Society, Providence, RI},
      YEAR = {2011},
     PAGES = {xxiv+841},
      ISBN = {978-0-8218-4819-7},
   MRCLASS = {14M25 (05A15 05E45 52B12)},
  MRNUMBER = {2810322 (2012g:14094)},
MRREVIEWER = {Ivan V. Arzhantsev},
       DOI = {10.1090/gsm/124},
       URL = {http://dx.doi.org/10.1090/gsm/124},
}
		

